<?xml version="1.0" encoding="UTF-8"?>
<collection xmlns:xsi="http://www.w3.org/2001/XMLSchema-instance" xsi:schemaLocation="http://www.loc.gov/MARC21/slim http://www.loc.gov/standards/marcxml/schema/MARC21slim.xsd" xmlns="http://www.loc.gov/MARC21/slim">
<record>
  <leader>00717cam a22001931  4500</leader>
  <controlfield tag="001">3073695</controlfield>
  <controlfield tag="003">NNC</controlfield>
  <controlfield tag="005">20130426015600.0</controlfield>
  <controlfield tag="008">010827s195u    ua            000 0 ara d</controlfield>
  <datafield tag="035" ind1=" " ind2=" ">
    <subfield code="a">(OCoLC)ocm47848288</subfield>
  </datafield>
  <datafield tag="035" ind1=" " ind2=" ">
    <subfield code="9">ATP6828CU</subfield>
  </datafield>
  <datafield tag="035" ind1=" " ind2=" ">
    <subfield code="a">(NNC)3073695</subfield>
  </datafield>
  <datafield tag="040" ind1=" " ind2=" ">
    <subfield code="a">ZCU</subfield>
    <subfield code="c">ZCU</subfield>
  </datafield>
  <datafield tag="099" ind1=" " ind2=" ">
    <subfield code="a">893.74</subfield>
    <subfield code="a">Ib5331</subfield>
  </datafield>
  <datafield tag="100" ind1="1" ind2=" ">
    <subfield code="a">ʻAdawī, Muḥammad ibn ʻUbādah,</subfield>
    <subfield code="d">-1779 or 1780.</subfield>
  </datafield>
  <datafield tag="245" ind1="1" ind2="0">
    <subfield code="a">Ḥāshiyat Muḥammad</subfield>
    <subfield code="c">[ibn] ʻUbādah al-ʻIdwī ʻalā Shudhūr al-dhahab, li Sībawaihi zamānihī, Abī Muḥammad ʻAbd-Allāh ibn Hishām al-Anṣārī.</subfield>
  </datafield>
  <datafield tag="260" ind1=" " ind2=" ">
    <subfield code="a">Miṣr,</subfield>
    <subfield code="b">Dār Ihyāʾ al-Kutub al-ʻArabīyah (ʻĪsā al-Bābī al-Ḥalabī)</subfield>
    <subfield code="c">[195-?]</subfield>
  </datafield>
  <datafield tag="300" ind1=" " ind2=" ">
    <subfield code="a">2 v. in 1.</subfield>
  </datafield>
  <datafield tag="955" ind1=" " ind2=" ">
    <subfield code="b">CU58883096</subfield>
    <subfield code="d">off,glx</subfield>
    <subfield code="e">893.74 Ib5331</subfield>
  </datafield>
</record>
</collection>